@INPROCEEDINGS{rietmann2012forward, 
author={M. {Rietmann} and P. {Messmer} and T. {Nissen-Meyer} and D. {Peter} and P. {Basini} and D. {Komatitsch} and O. {Schenk} and J. {Tromp} and L. {Boschi} and D. {Giardini}}, 
booktitle={SC '12: Proceedings of the International Conference on High Performance Computing, Networking, Storage and Analysis}, 
title={Forward and adjoint simulations of seismic wave propagation on emerging large-scale GPU architectures}, 
year={2012}, 
volume={}, 
number={}, 
pages={1-11}, 
doi={10.1109/SC.2012.59}, 
ISSN={2167-4337}, 
month={Nov},}

@article{malawski2015algorithm,
title = "Algorithms for cost- and deadline-constrained provisioning for scientific workflow ensembles in IaaS clouds",
journal = "Future Generation Computer Systems",
volume = "48",
pages = "1 - 18",
year = "2015",
note = "Special Section: Business and Industry Specific Cloud",
issn = "0167-739X",
doi = "https://doi.org/10.1016/j.future.2015.01.004",
author = "Maciej Malawski and Gideon Juve and Ewa Deelman and Jarek Nabrzyski",
}

@article{dakka2018high,
author={Dakka, Jumana and Turilli, Matteo and Wright, David W. and Zasada, Stefan J. and Balasubramanian, Vivek and Wan, Shunzhou and Coveney, Peter V. and Jha, Shantenu},
year={2018},
title={High-throughput binding affinity calculations at extreme scales},
doi={10.1186/s12859-018-2506-6},
journal={BMC Bioinformatics},
volume={18},
issue={18}
}

@article{paraskevakos2019workflow,
  author    = {Ioannis Paraskevakos and
               Matteo Turrili and
               Bento Collares Gon{\c{c}}alves and
               Heather J. Lynch and
               Shantenu Jha},
  title     = {Workflow Design Analysis for High Resolution Satellite Image Analysis},
  journal   = {CoRR},
  volume    = {abs/1905.09766},
  year      = {2019},
  url       = {http://arxiv.org/abs/1905.09766},
  archivePrefix = {arXiv},
  eprint    = {1905.09766},
  timestamp = {Wed, 29 May 2019 11:27:50 +0200},
  biburl    = {https://dblp.org/rec/bib/journals/corr/abs-1905-09766},
  bibsource = {dblp computer science bibliography, https://dblp.org}
}

@InProceedings{yao2019throughput,
author="Yao, Yan
and Cao, Jian
and Qian, Shiyou",
editor="Sun, Yuqing
and Lu, Tun
and Xie, Xiaolan
and Gao, Liping
and Fan, Hongfei",
title="Throughput-Guarantee Resource Provisioning for Streaming Analytical Workflows in the Cloud",
booktitle="Computer Supported Cooperative Work and Social Computing",
year="2019",
publisher="Springer Singapore",
address="Singapore",
pages="213--227",
isbn="978-981-13-3044-5"
}

@article{bao2019performance,
author = {Bao, Liang and Wu, Chase and Bu, Xiaoxuan and Ren, Nana and Shen, Mengqing},
year = {2019},
month = {02},
pages = {1-1},
title = {Performance Modeling and Workflow Scheduling of Microservice-based Applications in Clouds},
volume = {PP},
journal = {IEEE Transactions on Parallel and Distributed Systems},
doi = {10.1109/TPDS.2019.2901467}
}

@INPROCEEDINGS{balasubramanian2018harnessing, 
author={V. {Balasubramanian} and M. {Turilli} and W. {Hu} and M. {Lefebvre} and W. {Lei} and R. {Modrak} and G. {Cervone} and J. {Tromp} and S. {Jha}}, 
booktitle={2018 IEEE International Parallel and Distributed Processing Symposium (IPDPS)}, 
title={Harnessing the Power of Many: Extensible Toolkit for Scalable Ensemble Applications}, 
year={2018}, 
volume={}, 
number={}, 
pages={536-545},
doi={10.1109/IPDPS.2018.00063}, 
ISSN={1530-2075}, 
month={May},}

@article{deelman2015pegasus,
title = "Pegasus, a workflow management system for science automation",
journal = "Future Generation Computer Systems",
volume = "46",
pages = "17 - 35",
year = "2015",
issn = "0167-739X",
doi = "https://doi.org/10.1016/j.future.2014.10.008",
url = "http://www.sciencedirect.com/science/article/pii/S0167739X14002015",
author = "Ewa Deelman and Karan Vahi and Gideon Juve and Mats Rynge and Scott Callaghan and Philip J. Maechling and Rajiv Mayani and Weiwei Chen and Rafael Ferreira da Silva and Miron Livny and Kent Wenger",
}

@article{ludascher2006scientific,
 author = {Lud\"{a}scher, Bertram and Altintas, Ilkay and Berkley, Chad and Higgins, Dan and Jaeger, Efrat and Jones, Matthew and Lee, Edward A. and Tao, Jing and Zhao, Yang},
 title = {Scientific Workflow Management and the Kepler System: Research Articles},
 journal = {Concurr. Comput. : Pract. Exper.},
 issue_date = {August 2006},
 volume = {18},
 number = {10},
 month = aug,
 year = {2006},
 issn = {1532-0626},
 pages = {1039--1065},
 numpages = {27},
 url = {http://dx.doi.org/10.1002/cpe.v18:10},
 doi = {10.1002/cpe.v18:10},
 acmid = {1148454},
 publisher = {John Wiley and Sons Ltd.},
 address = {Chichester, UK},
} 


@inproceedings{ rocklin2015dask,
  author    = { Matthew Rocklin },
  title     = { Dask: Parallel Computation with Blocked algorithms and Task Scheduling },
  booktitle = { Proceedings of the 14th Python in Science Conference },
  pages     = { 130 - 136 },
  year      = { 2015 },
  editor    = { Kathryn Huff and James Bergstra }
}

@misc{airflow,
    author = {Apache},
    title = {Apache Airflow Documentation},
    url = {https://airflow.apache.org/},
    urldate = {2019-04-22}
}

@article{chirkin2017execution,
title = "Execution time estimation for workflow scheduling",
journal = "Future Generation Computer Systems",
volume = "75",
pages = "376 - 387",
year = "2017",
issn = "0167-739X",
doi = "https://doi.org/10.1016/j.future.2017.01.011",
url = "http://www.sciencedirect.com/science/article/pii/S0167739X17300304",
author = "Artem M. Chirkin and Adam S.Z. Belloum and Sergey V. Kovalchuk and Marc X. Makkes and Mikhail A. Melnik and Alexander A. Visheratin and Denis A. Nasonov",
}

@article{lu2019review,
author = {Lu, Pingping and Zhang, Gongxuan and Zhu, Zhaomeng and Zhou, Xiumin and Sun, Jin and Zhou, Junlong},
title = {A Review of Cost and Makespan-Aware Workflow Scheduling in Clouds},
journal = {Journal of Circuits, Systems and Computers},
volume = {28},
number = {06},
pages = {1930006},
year = {2019},
doi = {10.1142/S021812661930006X},
URL = {https://doi.org/10.1142/S021812661930006X},
eprint = {https://doi.org/10.1142/S021812661930006X}
}

@inproceedings{carothers2017durango,
 author = {Carothers, Christopher D. and Meredith, Jeremy S. and Blanco, Mark P. and Vetter, Jeffrey S. and Mubarak, Misbah and LaPre, Justin and Moore, Shirley},
 title = {Durango: Scalable Synthetic Workload Generation for Extreme-Scale Application Performance Modeling and Simulation},
 booktitle = {Proceedings of the 2017 ACM SIGSIM Conference on Principles of Advanced Discrete Simulation},
 series = {SIGSIM-PADS '17},
 year = {2017},
 isbn = {978-1-4503-4489-0},
 location = {Singapore, Republic of Singapore},
 pages = {97--108},
 numpages = {12},
 url = {http://doi.acm.org/10.1145/3064911.3064923},
 doi = {10.1145/3064911.3064923},
 acmid = {3064923},
 publisher = {ACM},
 address = {New York, NY, USA},
 keywords = {HPC networks models, massively parallel simulation, structural analytic models},
} 

@article{maheshwari2016workflow,
 author = {Maheshwari, Ketan and Jung, Eun-Sung and Meng, Jiayuan and Morozov, Vitali and Vishwanath, Venkatram and Kettimuthu, Rajkumar},
 title = {Workflow Performance Improvement Using Model-based Scheduling over Multiple Clusters and Clouds},
 journal = {Future Gener. Comput. Syst.},
 issue_date = {January 2016},
 volume = {54},
 number = {C},
 month = jan,
 year = {2016},
 issn = {0167-739X},
 pages = {206--218},
 numpages = {13},
 url = {https://doi.org/10.1016/j.future.2015.03.017},
 doi = {10.1016/j.future.2015.03.017},
 acmid = {2831943},
 publisher = {Elsevier Science Publishers B. V.},
 address = {Amsterdam, The Netherlands, The Netherlands},
 keywords = {Clouds, Optimization, Swift, System modeling, Workflow},
} 

@INPROCEEDINGS{liu2017mathematical, 
author={Z. {Liu} and R. {Kettimuthu} and S. {Leyffer} and P. {Palkar} and I. {Foster}}, 
booktitle={2017 IEEE 13th International Conference on e-Science (e-Science)}, 
title={A Mathematical Programming- and Simulation-Based Framework to Evaluate Cyberinfrastructure Design Choices}, 
year={2017}, 
volume={}, 
number={}, 
pages={148-157}, 
keywords={data analysis;integer programming;mathematical programming;mathematical programming;evaluate cyberinfrastructure design choices;x-ray light sources;on-demand access;large-scale computing;data analysis;experimental errors;computational demands;single computer;high operating costs;single national compute facility;potential design points;per-facility computer systems;distributed multisite superfacility;U.S. Department;Energy light sources;mixed-integer programming model;customizable superfacility simulator;associated operational decisions;on-demand computing facilities;real-time analysis;scientific experiment data;facility operations;Mathematical model;Light sources;Computational modeling;Real-time systems;Detectors;Mathematical programming;Superfacility;cyberinfrastructure;Data analysis;Simulation;mathematical programming;MIP}, 
doi={10.1109/eScience.2017.27}, 
ISSN={}, 
month={Oct},}

@ARTICLE{topcuoglu2002performance, 
author={H. {Topcuoglu} and S. {Hariri} and {Min-You Wu}}, 
journal={IEEE Transactions on Parallel and Distributed Systems}, 
title={Performance-effective and low-complexity task scheduling for heterogeneous computing}, 
year={2002}, 
volume={13}, 
number={3}, 
pages={260-274}, 
keywords={workstation clusters;processor scheduling;directed graphs;heterogeneous computing environments;application scheduling problem;scheduling costs;Heterogeneous Earliest-Finish-Time algorithm;Critical-Path-on-a-Processor algorithm;parametric graph generator;weighted directed acyclic graphs;time metrics;list scheduling;task graphs;DAG scheduling;Processor scheduling}, 
doi={10.1109/71.993206}, 
ISSN={1045-9219}, 
month={March},}

@INPROCEEDINGS{shetti2013optimization, 
author={K. R. {Shetti} and S. A. {Fahmy} and T. {Bretschneider}}, 
booktitle={2013 International Conference on Parallel and Distributed Computing, Applications and Technologies}, 
title={Optimization of the HEFT Algorithm for a CPU-GPU Environment}, 
year={2013}, 
volume={}, 
number={}, 
pages={212-218}, 
doi={10.1109/PDCAT.2013.40}, 
ISSN={2379-5352}, 
month={Dec},}

@inproceedings{khoshlessan2017parallel,
	address = {Austin, TX},
	title = {Parallel {Analysis} in {MDAnalysis} using the {Dask} {Parallel} {Computing} {Library}},
	url = {http://conference.scipy.org/proceedings/scipy2017/mahzad_khoslessan.html},
	doi = {10.25080/shinma-7f4c6e7-00a},
	urldate = {2017-07-17TZ},
	booktitle = {Proceedings of the 16th {Python} in {Science} {Conference}},
	author = {Khoshlessan, Mahzad and Paraskevakos, Ioannis and Jha, Shantenu and Beckstein, Oliver},
	editor = {Huff, Katy and Lippa, David and Niederhut, Dillon and Pacer, M},
	year = {2017},
	pages = {64--72}
}

@inproceedings{paraskevakos2018task,
 author = {Paraskevakos, Ioannis and Luckow, Andre and Khoshlessan, Mahzad and Chantzialexiou, George and Cheatham, Thomas E. and Beckstein, Oliver and Fox, Geoffrey C. and Jha, Shantenu},
 title = {Task-parallel Analysis of Molecular Dynamics Trajectories},
 booktitle = {Proceedings of the 47th International Conference on Parallel Processing},
 series = {ICPP 2018},
 year = {2018},
 isbn = {978-1-4503-6510-9},
 location = {Eugene, OR, USA},
 pages = {49:1--49:10},
 articleno = {49},
 numpages = {10},
 url = {http://doi.acm.org/10.1145/3225058.3225128},
 doi = {10.1145/3225058.3225128},
 acmid = {3225128},
 publisher = {ACM},
 address = {New York, NY, USA},
} 

@inproceedings{zaharia2010spark,
 author = {Zaharia, Matei and Chowdhury, Mosharaf and Franklin, Michael J. and Shenker, Scott and Stoica, Ion},
 title = {Spark: Cluster Computing with Working Sets},
 booktitle = {Proceedings of the 2Nd USENIX Conference on Hot Topics in Cloud Computing},
 series = {HotCloud'10},
 year = {2010},
 location = {Boston, MA},
 pages = {10--10},
 numpages = {1},
 url = {http://dl.acm.org/citation.cfm?id=1863103.1863113},
 acmid = {1863113},
 publisher = {USENIX Association},
 address = {Berkeley, CA, USA},
} 

@INPROCEEDINGS{luckow2016hadoop, 
author={A. {Luckow} and I. {Paraskevakos} and G. {Chantzialexiou} and S. {Jha}}, 
booktitle={2016 IEEE International Parallel and Distributed Processing Symposium Workshops (IPDPSW)}, 
title={Hadoop on HPC: Integrating Hadoop and Pilot-Based Dynamic Resource Management}, 
year={2016}, 
volume={}, 
number={}, 
pages={1607-1616}, 
doi={10.1109/IPDPSW.2016.166}, 
ISSN={}, 
month={May},}

@InProceedings{merzky2019using,
author="Merzky, Andre
and Turilli, Matteo
and Maldonado, Manuel
and Santcroos, Mark
and Jha, Shantenu",
editor="Klus{\'a}{\v{c}}ek, Dalibor
and Cirne, Walfredo
and Desai, Narayan",
title="Using Pilot Systems to Execute Many Task Workloads on Supercomputers",
booktitle="Job Scheduling Strategies for Parallel Processing",
year="2019",
publisher="Springer International Publishing",
address="Cham",
pages="61--82",
isbn="978-3-030-10632-4"
}

@article{pouchard2019computational,
author = {Line Pouchard and Sterling Baldwin and Todd Elsethagen and Shantenu Jha and Bibi Raju and Eric Stephan and Li Tang and Kerstin Kleese Van Dam},
title ={Computational reproducibility of scientific workflows at extreme scales},
journal = {The International Journal of High Performance Computing Applications},
volume = {33},
number = {5},
pages = {763-776},
year = {2019},
doi = {10.1177/1094342019839124},
URL = {https://doi.org/10.1177/1094342019839124},
eprint = {https://doi.org/10.1177/1094342019839124}}


@article{turilli2019middleware,
  title={Middleware Building Blocks for Workflow Systems},
  author={Matteo Turilli and Vivek Balasubramanian and Andr{\'e} Merzky and Ioannis Paraskevakos and Shantenu Jha},
  journal={Computing in Science \& Engineering},
  year={2019},
  volume={21},
  pages={62-75}
}

@article{maeno2008panda,
	doi = {10.1088/1742-6596/119/6/062036},
	year = 2008,
	month = {jul},
	publisher = {{IOP} Publishing},
	volume = {119},
	number = {6},
	pages = {062036},
	author = {T Maeno},
	title = {{PanDA}: distributed production and distributed analysis system for {ATLAS}},
	journal = {Journal of Physics: Conference Series}
}

@misc{atlas,
	title={The ATLAS experiment},
	url = {http://www.atlas.ch}
}

@article{sfiligoi2008glidein,
	doi = {10.1088/1742-6596/119/6/062044},
	year = 2008,
	month = {jul},
	publisher = {{IOP} Publishing},
	volume = {119},
	number = {6},
	pages = {062044},
	author = {I Sfiligoi},
	title = {{glideinWMS}{\textemdash}a generic pilot-based workload management system},
	journal = {Journal of Physics: Conference Series}
}

@article{casajus2010dirac,
	doi = {10.1088/1742-6596/219/6/062049},
	year = 2010,
	month = {apr},
	publisher = {{IOP} Publishing},
	volume = {219},
	number = {6},
	pages = {062049},
	author = {Adrian Casajus and Ricardo Graciani and Stuart Paterson and Andrei Tsaregorodtsev and the Lhcb Dirac Team},
	title = {{DIRAC} pilot framework and the {DIRAC} Workload Management System},
	journal = {Journal of Physics: Conference Series}
}