@incollection{keller2018data,
author="Keller, Axel",
editor="Klus{\'a}{\v{c}}ek, Dalibor
and Cirne, Walfredo
and Desai, Narayan",
title="A Data Structure for Planning Based Workload Management of Heterogeneous HPC Systems",
booktitle="Job Scheduling Strategies for Parallel Processing",
year="2018",
publisher="Springer International Publishing",
address="Cham",
pages="132--151",
isbn="978-3-319-77398-8"
}

@article{turilli2018comprehensive,
 author = {Turilli, Matteo and Santcroos, Mark and Jha, Shantenu},
 title = {A Comprehensive Perspective on Pilot-Job Systems},
 journal = {ACM Comput. Surv.},
 issue_date = {June 2018},
 volume = {51},
 number = {2},
 month = apr,
 year = {2018},
 issn = {0360-0300},
 pages = {43:1--43:32},
 articleno = {43},
 numpages = {32},
 url = {http://doi.acm.org/10.1145/3177851},
 doi = {10.1145/3177851},
 acmid = {3177851},
 publisher = {ACM},
 address = {New York, NY, USA},
 keywords = {Distributed applications, Pilot-Jobs, distributed systems},
} 

@misc{hadoop,
title="{Apache Hadoop}",
howpublished={\url{http://hadoop.apache.org/}},
year=2019
}

@article{paraskevakos2019workflow,
  author    = {Ioannis Paraskevakos and
               Matteo Turrili and
               Bento Collares Gon{\c{c}}alves and
               Heather J. Lynch and
               Shantenu Jha},
  title     = {Workflow Design Analysis for High Resolution Satellite Image Analysis},
  journal   = {CoRR},
  volume    = {abs/1905.09766},
  year      = {2019},
  url       = {http://arxiv.org/abs/1905.09766},
  archivePrefix = {arXiv},
  eprint    = {1905.09766},
  timestamp = {Wed, 29 May 2019 11:27:50 +0200},
  biburl    = {https://dblp.org/rec/bib/journals/corr/abs-1905-09766},
  bibsource = {dblp computer science bibliography, https://dblp.org}
}

@article{witt2019predictive,
author = {Witt, Carl and Bux, Marc and Gusew, Wladislaw and Leser, Ulf},
doi = {10.1016/J.IS.2019.01.006},
issn = {0306-4379},
journal = {Information Systems},
month = {may},
pages = {33--52},
publisher = {Pergamon},
title = {{Predictive performance modeling for distributed batch processing using black box monitoring and machine learning}},
url = {https://www.sciencedirect.com/science/article/pii/S0306437918301765},
volume = {82},
year = {2019}
}

@article{yao2019throughput,
author="Yao, Yan and Cao, Jian and Qian, Shiyou",
editor="Sun, Yuqing and Lu, Tun and Xie, Xiaolan and Gao, Liping and Fan, Hongfei",
title="Throughput-Guarantee Resource Provisioning for Streaming Analytical Workflows in the Cloud",
journal="Computer Supported Cooperative Work and Social Computing",
year="2019",
publisher="Springer Singapore",
address="Singapore",
pages="213--227",
isbn="978-981-13-3044-5"
}

@article{pumma2017runtime,
author = {Pumma, Sarunya and Feng, Wu-chun and Phunchongharn, Phond and Chapeland, Sylvain and Achalakul, Tiranee},
doi = {10.1016/J.FUTURE.2017.02.040},
issn = {0167-739X},
journal = {Future Generation Computer Systems},
mendeley-groups = {Perfomrance Modeling},
month = {jul},
pages = {65--77},
publisher = {North-Holland},
title = {{A runtime estimation framework for ALICE}},
url = {https://www.sciencedirect.com/science/article/pii/S0167739X17302972},
volume = {72},
year = {2017}
}


@inproceedings{mandal2016toward,
author = {Mandal, Anirban and Ruth, Paul and Baldin, Ilya and Krol, Dariusz and Juve, Gideon and Mayani, Rajiv and Silva, Rafael Ferreira Da and Deelman, Ewa and Meredith, Jeremy and Vetter, Jeffrey and Lynch, Vickie and Mayer, Ben and Wynne, James and Blanco, Mark and Carothers, Chris and Lapre, Justin and Tierney, Brian},
booktitle = {2016 IEEE International Parallel and Distributed Processing Symposium Workshops (IPDPSW)},
doi = {10.1109/IPDPSW.2016.202},
isbn = {978-1-5090-3682-0},
mendeley-groups = {Perfomrance Modeling},
month = {may},
pages = {1370--1379},
publisher = {IEEE},
title = {{Toward an End-to-End Framework for Modeling, Monitoring and Anomaly Detection for Scientific Workflows}},
url = {http://ieeexplore.ieee.org/document/7530026/},
year = {2016}
}

@inproceedings{jia2005cost,
author = {{Jia Yu} and Buyya, R. and {Chen Khong Tham}},
booktitle = {First International Conference on e-Science and Grid Computing (e-Science'05)},
doi = {10.1109/E-SCIENCE.2005.26},
isbn = {0-7695-2448-6},
mendeley-groups = {Perfomrance Modeling},
pages = {140--147},
publisher = {IEEE},
title = {{Cost-Based Scheduling of Scientific Workflow Application on Utility Grids}},
url = {http://ieeexplore.ieee.org/document/1572219/},
year = 2005
}

@article{deelman2017performance,
author = {Deelman, Ewa and Carothers, Christopher and Mandal, Anirban and Tierney, Brian and Vetter, Jeffrey S. and Baldin, Ilya and Castillo, Claris and Juve, Gideon and Kr{\'{o}}l, Dariusz and Lynch, Vickie and Mayer, Ben and Meredith, Jeremy and Proffen, Thomas and Ruth, Paul and {Ferreira da Silva}, Rafael},
doi = {10.1177/1094342015594515},
issn = {17412846},
journal = {International Journal of High Performance Computing Applications},
keywords = {Performance modeling,extreme scale,scientific workflow},
mendeley-groups = {Perfomrance Modeling},
month = {jan},
number = {1},
pages = {4--18},
publisher = {SAGE PublicationsSage UK: London, England},
title = {{PANORAMA: An approach to performance modeling and diagnosis of extreme-scale workflows}},
url = {http://journals.sagepub.com/doi/10.1177/1094342015594515},
volume = {31},
year = {2017}
}


@article{bao2019performance,
author = {Bao, Liang and Wu, Chase and Bu, Xiaoxuan and Ren, Nana and Shen, Mengqing},
doi = {10.1109/TPDS.2019.2901467},
issn = {1045-9219},
journal = {IEEE Transactions on Parallel and Distributed Systems},
mendeley-groups = {Perfomrance Modeling},
pages = {1--1},
title = {{Performance Modeling and Workflow Scheduling of Microservice-based Applications in Clouds}},
url = {https://ieeexplore.ieee.org/document/8651324/},
year = {2019}
}

@article{deelman2018future,
author = {Ewa Deelman and Tom Peterka and Ilkay Altintas and Christopher D Carothers and Kerstin Kleese van Dam and Kenneth Moreland and Manish Parashar and Lavanya Ramakrishnan and Michela Taufer and Jeffrey Vetter},
title ={The future of scientific workflows},
journal = {The International Journal of High Performance Computing Applications},
volume = {32},
number = {1},
pages = {159-175},
year = {2018},
doi = {10.1177/1094342017704893},
URL = {https://doi.org/10.1177/1094342017704893},
eprint = {https://doi.org/10.1177/1094342017704893},
}

@misc{airflow,
    author = {Apache},
    title = {Apache Airflow Documentation},
    url = {https://airflow.apache.org/},
    urldate = {2019-04-22}
}

@techreport{ramakrishnan_survey,
author = {Ramakrishnan, Lavanya and Gannon, Dennis},
title = {{A Survey of Distributed Workflow Characteristics and Resource Requirements}},
url = {https://cs.indiana.edu/ftp/techreports/TR671.pdf},
institution = {Indiana University},
year = {2005}
}

@article{deelman2015pegasus,
    author = {Deelman, Ewa and Vahi, Karan and Juve, Gideon and Rynge, Mats and Callaghan, Scott and Maechling, Philip J. and Mayani, Rajiv and Chen, Weiwei and {Ferreira da Silva}, Rafael and Livny, Miron and Wenger, Kent},
    doi = {10.1016/J.FUTURE.2014.10.008},
    issn = {0167-739X},
    journal = {Future Generation Computer Systems},
    month = {may},
    pages = {17--35},
    publisher = {North-Holland},
    title = {{Pegasus, a workflow management system for science automation}},
    url = {https://www.sciencedirect.com/science/article/pii/S0167739X14002015},
    volume = {46},
    year = {2015}
}

@article{ludascher2006concurrency,
    author = {Lud√§scher, Bertram and Altintas, Ilkay and Berkley, Chad and Higgins, Dan and Jaeger, Efrat and Jones, Matthew and Lee, Edward A. and Tao, Jing and Zhao, Yang},
    title = {Scientific workflow management and the Kepler system},
    journal = {Concurrency and Computation: Practice and Experience},
    volume = {18},
    number = {10},
    pages = {1039-1065},
    keywords = {scientific workflows, Grid workflows, scientific data management, problem-solving environments, dataflow networks},
    doi = {10.1002/cpe.994},
    year = {2006}
    }

@techreport{ibm2005autonomic,
    title = {{An architectural blueprint for autonomic computing}},
    author = {IBM},
    year = {2005},
    institution = {IBM Global},
    url = {https://www-03.ibm.com/autonomic/pdfs/AC Blueprint White Paper V7.pdf}
}

@article{dakka2018high,
author="Dakka, Jumana and Turilli, Matteo and Wright, David W. and Zasada, Stefan J. and Balasubramanian, Vivek and Wan, Shunzhou and Coveney, Peter V. and Jha, Shantenu",
title="High-throughput binding affinity calculations at extreme scales",
journal="BMC Bioinformatics",
year="2018",
month="Dec",
day="21",
volume="19",
number="18",
pages="482",
issn="1471-2105",
doi="10.1186/s12859-018-2506-6",
url="https://doi.org/10.1186/s12859-018-2506-6"
}

@article{mian2013provisioning,
author = {Mian, Rizwan and Martin, Patrick and Vazquez-Poletti, Jose Luis},
doi = {10.1016/J.FUTURE.2012.01.008},
file = {:Users/iparask/Library/Application Support/Mendeley Desktop/Downloaded/Mian, Martin, Vazquez-Poletti - 2013 - Provisioning data analytic workloads in a cloud.pdf:pdf},
issn = {0167-739X},
journal = {Future Generation Computer Systems},
mendeley-groups = {Autonomic Software},
month = {aug},
number = {6},
pages = {1452--1458},
publisher = {North-Holland},
title = {{Provisioning data analytic workloads in a cloud}},
url = {https://www.sciencedirect.com/science/article/pii/S0167739X12000209},
volume = {29},
year = {2013}
}

@article{pandey2012autonomic,
author = {Pandey, Suraj and Voorsluys, William and Niu, Sheng and Khandoker, Ahsan and Buyya, Rajkumar},
doi = {10.1016/J.FUTURE.2011.04.022},
issn = {0167-739X},
journal = {Future Generation Computer Systems},
mendeley-groups = {Autonomic Software},
month = {jan},
number = {1},
pages = {147--154},
publisher = {North-Holland},
title = {{An autonomic cloud environment for hosting ECG data analysis services}},
url = {https://www.sciencedirect.com/science/article/pii/S0167739X11000732},
volume = {28},
year = {2012}
}

@misc{scipy,
  author =    {Eric Jones and Travis Oliphant and Pearu Peterson and others},
  title =     {{SciPy}: Open source scientific tools for {Python}},
  year =      {2001--},
  url = "http://www.scipy.org/",
  note = {[Online; accessed <today>]}
}

@article{numpy,
	Author = {Van Der Walt, Stefan and Colbert, S Chris and Varoquaux, Gael},
	Doi = {10.1109/MCSE.2011.37 },
	Journal = {Computing in Science \& Engineering},
	Keywords = {numpy},
	Number = 2,
	Pages = {22--30},
	Publisher = {AIP Publishing},
	Title = {The NumPy array: a structure for efficient numerical computation},
	Volume = 13,
	Year = 2011}
	
@inproceedings{ gowers2016mdanalysis,
    author    = { {R}ichard {J}. {G}owers and {M}ax {L}inke and {J}onathan {B}arnoud and {T}yler {J}. {E}. {R}eddy and {M}anuel {N}. {M}elo and {S}ean {L}. {S}eyler and {J}an {D}oma≈Ñski and {D}avid {L}. {D}otson and {S}√©bastien {B}uchoux and {I}an {M}. {K}enney and {O}liver {B}eckstein },
    title     = { {M}{D}{A}nalysis: {A} {P}ython {P}ackage for the {R}apid {A}nalysis of {M}olecular {D}ynamics {S}imulations },
    booktitle = { {P}roceedings of the 15th {P}ython in {S}cience {C}onference },
    pages     = { 98 - 105 },
    year      = { 2016 },
    editor    = { {S}ebastian {B}enthall and {S}cott {R}ostrup }
}

@article{michaud2011mdanalysis,
author = {Michaud-Agrawal, Naveen and Denning, Elizabeth J. and Woolf, Thomas B. and Beckstein, Oliver},
title = {MDAnalysis: A toolkit for the analysis of molecular dynamics simulations},
journal = {Journal of Computational Chemistry},
volume = {32},
number = {10},
publisher = {Wiley Subscription Services, Inc., A Wiley Company},
issn = {1096-987X},
url = {http://dx.doi.org/10.1002/jcc.21787},
doi = {10.1002/jcc.21787},
pages = {2319--2327},
keywords = {molecular dynamics simulations, analysis, proteins, object-oriented design, software, membrane systems, Python programming language},
year = {2011}
}

@inproceedings{merzky2019using,
author="Merzky, Andre and Turilli, Matteo and Maldonado, Manuel and Santcroos, Mark and Jha, Shantenu",
editor="Klus{\'a}{\v{c}}ek, Dalibor and Cirne, Walfredo and Desai, Narayan",
title="Using Pilot Systems to Execute Many Task Workloads on Supercomputers",
booktitle="Job Scheduling Strategies for Parallel Processing",
year="2019",
publisher="Springer International Publishing",
address="Cham",
pages="61--82",
isbn="978-3-030-10632-4"
}

@article{diazmontes2015cometcloud,
author = {Diaz-Montes, Javier and AbdelBaky, Moustafa and Zou, Mengsong and Parashar, Manish},
doi = {10.1109/MIC.2015.4},
issn = {1089-7801},
journal = {IEEE Internet Computing},
mendeley-groups = {Autonomic Software},
month = {jan},
number = {1},
pages = {69--73},
title = {{CometCloud: Enabling Software-Defined Federations for End-to-End Application Workflows}},
url = {http://ieeexplore.ieee.org/document/7031832/},
volume = {19},
year = {2015}
}


@inproceedings{pizzolli2016cloud4iot,
author = {Pizzolli, Daniele and Cossu, Giuseppe and Santoro, Daniele and Capra, Luca and Dupont, Corentin and Charalampos, Dukas and {De Pellegrini}, Francesco and Antonelli, Fabio and Cretti, Silvio},
booktitle = {2016 IEEE International Conference on Cloud Computing Technology and Science (CloudCom)},
doi = {10.1109/CloudCom.2016.0082},
isbn = {978-1-5090-1445-3},
mendeley-groups = {Autonomic Software},
month = {dec},
pages = {476--479},
publisher = {IEEE},
title = {{Cloud4IoT: A Heterogeneous, Distributed and Autonomic Cloud Platform for the IoT}},
url = {http://ieeexplore.ieee.org/document/7830723/},
year = {2016}
}

@article{malawski2015algorithms,
title = "Algorithms for cost- and deadline-constrained provisioning for scientific workflow ensembles in IaaS clouds",
journal = "Future Generation Computer Systems",
volume = "48",
pages = "1 - 18",
year = "2015",
note = "Special Section: Business and Industry Specific Cloud",
issn = "0167-739X",
doi = "https://doi.org/10.1016/j.future.2015.01.004",
url = "http://www.sciencedirect.com/science/article/pii/S0167739X15000059",
author = "Maciej Malawski and Gideon Juve and Ewa Deelman and Jarek Nabrzyski",
}

@inproceedings{rietmann2012forward,
author = {Rietmann, Max and Messmer, Peter and Nissen-Meyer, Tarje and Peter, Daniel and Basini, Piero and Komatitsch, Dimitri and Schenk, Olaf and Tromp, Jeroen and Boschi, Lapo and Giardini, Domenico},
booktitle = {2012 International Conference for High Performance Computing, Networking, Storage and Analysis},
doi = {10.1109/SC.2012.59},
isbn = {978-1-4673-0805-2},
mendeley-groups = {Large Scientific Apps},
month = {nov},
pages = {1--11},
publisher = {IEEE},
title = {{Forward and adjoint simulations of seismic wave propagation on emerging large-scale GPU architectures}},
url = {http://ieeexplore.ieee.org/document/6468543/},
year = {2012}
}

@inproceedings{liu2003dios,
author="Liu, Hua
and Parashar, Manish",
editor="Kosch, Harald
and B{\"o}sz{\"o}rm{\'e}nyi, L{\'a}szl{\'o}
and Hellwagner, Hermann",
title="DIOS++: A Framework for Rule-Based Autonomic Management of Distributed Scientific Applications",
booktitle="Euro-Par 2003 Parallel Processing",
year="2003",
publisher="Springer Berlin Heidelberg",
address="Berlin, Heidelberg",
pages="66--73",
isbn="978-3-540-45209-6"
}

@inproceedings{zaharia2010spark,
 author = {Zaharia, Matei and Chowdhury, Mosharaf and Franklin, Michael J. and Shenker, Scott and Stoica, Ion},
 title = {Spark: Cluster Computing with Working Sets},
 booktitle = {Proceedings of the 2Nd USENIX Conference on Hot Topics in Cloud Computing},
 series = {HotCloud'10},
 year = {2010},
 location = {Boston, MA},
 pages = {10--10},
 numpages = {1},
 url = {http://dl.acm.org/citation.cfm?id=1863103.1863113},
 acmid = {1863113},
 publisher = {USENIX Association},
 address = {Berkeley, CA, USA},
} 

@inproceedings{ rocklin2015dask,
  author    = { Matthew Rocklin },
  title     = { Dask: Parallel Computation with Blocked algorithms and Task Scheduling },
  booktitle = { Proceedings of the 14th Python in Science Conference },
  pages     = { 130 - 136 },
  year      = { 2015 },
  editor    = { Kathryn Huff and James Bergstra }
}

@inproceedings{jha2009self,
 author = {Jha, Shantenu and Parashar, Manish and Rana, Omer},
 title = {Self-adaptive Architectures for Autonomic Computational Science},
 booktitle = {Proceedings of the First International Conference on Self-organizing Architectures},
 series = {SOAR'09},
 year = {2010},
 isbn = {3-642-14411-X, 978-3-642-14411-0},
 location = {Cambridge, UK},
 pages = {177--197},
 numpages = {21},
 url = {http://dl.acm.org/citation.cfm?id=1880569.1880581},
 acmid = {1880581},
 publisher = {Springer-Verlag},
 address = {Berlin, Heidelberg},
}

@inproceedings{paraskevakos2018task,
 author = {Paraskevakos, Ioannis and Luckow, Andre and Khoshlessan, Mahzad and Chantzialexiou, George and Cheatham, Thomas E. and Beckstein, Oliver and Fox, Geoffrey C. and Jha, Shantenu},
 title = {Task-parallel Analysis of Molecular Dynamics Trajectories},
 booktitle = {Proceedings of the 47th International Conference on Parallel Processing},
 series = {ICPP 2018},
 year = {2018},
 isbn = {978-1-4503-6510-9},
 location = {Eugene, OR, USA},
 pages = {49:1--49:10},
 articleno = {49},
 numpages = {10},
 url = {http://doi.acm.org/10.1145/3225058.3225128},
 doi = {10.1145/3225058.3225128},
 acmid = {3225128},
 publisher = {ACM},
 address = {New York, NY, USA},
 keywords = {Data analytics, MD Simulations Analysis, MD analysis, task-parallel},
}

@inproceedings{bindelli2008building, 
author={S. Bindelli and E. Di Nitto and R. Mirandola and R. Tedesco}, 
booktitle={2008 23rd IEEE/ACM International Conference on Automated Software Engineering - Workshops}, 
title={Building autonomic components: The SelfLets approach}, 
year={2008}, 
volume={}, 
number={}, 
pages={17-24},
doi={10.1109/ASEW.2008.4686289}, 
ISSN={2151-0830}, 
month={Sep.},}

@inbook{calcavecchia2010emergence,
author="Calcavecchia, Nicol{\`o} M.
and Ardagna, Danilo
and Di Nitto, Elisabetta",
title="The Emergence of Load Balancing in¬†Distributed Systems: the SelfLet Approach",
bookTitle="Run-time Models for Self-managing Systems and Applications",
year="2010",
publisher="Springer Basel",
address="Basel",
pages="97--124",
isbn="978-3-0346-0433-8",
doi="10.1007/978-3-0346-0433-8_5",
url="https://doi.org/10.1007/978-3-0346-0433-8_5"
}

@inproceedings{balasubramanian2018harnessing, 
author={V. Balasubramanian and M. Turilli and W. Hu and M. Lefebvre and W. Lei and R. Modrak and G. Cervone and J. Tromp and S. Jha}, 
booktitle={2018 IEEE International Parallel and Distributed Processing Symposium (IPDPS)}, 
title={Harnessing the Power of Many: Extensible Toolkit for Scalable Ensemble Applications}, 
year={2018}, 
volume={}, 
number={}, 
pages={536-545}, 
doi={10.1109/IPDPS.2018.00063}, 
ISSN={1530-2075}, 
month={May},}

@inproceedings{luckow2016hadoop, 
author={A. {Luckow} and I. {Paraskevakos} and G. {Chantzialexiou} and S. {Jha}}, 
booktitle={2016 IEEE International Parallel and Distributed Processing Symposium Workshops (IPDPSW)}, 
title={Hadoop on HPC: Integrating Hadoop and Pilot-Based Dynamic Resource Management}, 
year={2016}, 
volume={}, 
number={}, 
pages={1607-1616},
doi={10.1109/IPDPSW.2016.166}, 
ISSN={}, 
month={May},}

@article{cheatham2015impact,
    Author = {Cheatham, T. and Roe, D.},
    Date-Added = {2017-05-29 22:11:12 +0000},
    Date-Modified = {2017-05-29 22:11:12 +0000},
    Doi = {10.1109/MCSE.2015.7},
    Issn = {1521-9615},
    Journal = {Computing in Science Engineering},
    Number = {2},
    Pages = {30--39},
    Title = {The impact of heterogeneous computing on workflows for biomolecular simulation and analysis},
    Volume = {17},
    Year = {2015},
    }

@article{chirkin2017execution,
title = "Execution time estimation for workflow scheduling",
journal = "Future Generation Computer Systems",
volume = "75",
pages = "376 - 387",
year = "2017",
issn = "0167-739X",
doi = "https://doi.org/10.1016/j.future.2017.01.011",
url = "http://www.sciencedirect.com/science/article/pii/S0167739X17300304",
author = "Artem M. Chirkin and Adam S.Z. Belloum and Sergey V. Kovalchuk and Marc X. Makkes and Mikhail A. Melnik and Alexander A. Visheratin and Denis A. Nasonov",
}

@article{lu2019review,
author = {Lu, Pingping and Zhang, Gongxuan and Zhu, Zhaomeng and Zhou, Xiumin and Sun, Jin and Zhou, Junlong},
title = {A Review of Cost and Makespan-Aware Workflow Scheduling in Clouds},
journal = {Journal of Circuits, Systems and Computers},
volume = {28},
number = {06},
pages = {1930006},
year = {2019},
doi = {10.1142/S021812661930006X},
URL = {https://doi.org/10.1142/S021812661930006X},
eprint = {https://doi.org/10.1142/S021812661930006X}
}

@inproceedings{carothers2017durango,
 author = {Carothers, Christopher D. and Meredith, Jeremy S. and Blanco, Mark P. and Vetter, Jeffrey S. and Mubarak, Misbah and LaPre, Justin and Moore, Shirley},
 title = {Durango: Scalable Synthetic Workload Generation for Extreme-Scale Application Performance Modeling and Simulation},
 booktitle = {Proceedings of the 2017 ACM SIGSIM Conference on Principles of Advanced Discrete Simulation},
 series = {SIGSIM-PADS '17},
 year = {2017},
 isbn = {978-1-4503-4489-0},
 location = {Singapore, Republic of Singapore},
 pages = {97--108},
 numpages = {12},
 url = {http://doi.acm.org/10.1145/3064911.3064923},
 doi = {10.1145/3064911.3064923},
 acmid = {3064923},
 publisher = {ACM},
 address = {New York, NY, USA},
 keywords = {HPC networks models, massively parallel simulation, structural analytic models},
}

@article{maheshwari2016workflow,
 author = {Maheshwari, Ketan and Jung, Eun-Sung and Meng, Jiayuan and Morozov, Vitali and Vishwanath, Venkatram and Kettimuthu, Rajkumar},
 title = {Workflow Performance Improvement Using Model-based Scheduling over Multiple Clusters and Clouds},
 journal = {Future Gener. Comput. Syst.},
 issue_date = {January 2016},
 volume = {54},
 number = {C},
 month = jan,
 year = {2016},
 issn = {0167-739X},
 pages = {206--218},
 numpages = {13},
 url = {https://doi.org/10.1016/j.future.2015.03.017},
 doi = {10.1016/j.future.2015.03.017},
 acmid = {2831943},
 publisher = {Elsevier Science Publishers B. V.},
 address = {Amsterdam, The Netherlands, The Netherlands},
 keywords = {Clouds, Optimization, Swift, System modeling, Workflow},
} 

@inproceedings{khoshlessan2017parallel,
	address = {Austin, TX},
	title = {Parallel {Analysis} in {MDAnalysis} using the {Dask} {Parallel} {Computing} {Library}},
	url = {http://conference.scipy.org/proceedings/scipy2017/mahzad_khoslessan.html},
	doi = {10.25080/shinma-7f4c6e7-00a},
	urldate = {2017-07-17TZ},
	booktitle = {Proceedings of the 16th {Python} in {Science} {Conference}},
	author = {Khoshlessan, Mahzad and Paraskevakos, Ioannis and Jha, Shantenu and Beckstein, Oliver},
	editor = {Huff, Katy and Lippa, David and Niederhut, Dillon and Pacer, M},
	year = {2017},
	pages = {64--72}
}

@article{pouchard2019computational,
author = {Line Pouchard and Sterling Baldwin and Todd Elsethagen and Shantenu Jha and Bibi Raju and Eric Stephan and Li Tang and Kerstin Kleese Van Dam},
title ={Computational reproducibility of scientific workflows at extreme scales},
journal = {The International Journal of High Performance Computing Applications},
volume = {33},
number = {5},
pages = {763-776},
year = {2019},
doi = {10.1177/1094342019839124},
URL = {https://doi.org/10.1177/1094342019839124},
eprint = {https://doi.org/10.1177/1094342019839124}}
