@article{mpi4py_paper,
title = "MPI for Python",
journal = "Journal of Parallel and Distributed Computing",
volume = "65",
number = "9",
pages = "1108 - 1115",
year = "2005",
issn = "0743-7315",
doi = "https://doi.org/10.1016/j.jpdc.2005.03.010",
url = "http://www.sciencedirect.com/science/article/pii/S0743731505000560",
author = "Lisandro Dalcín and Rodrigo Paz and Mario Storti",
keywords = "Message passing",
keywords = "MPI",
keywords = "High level languages",
keywords = "Parallel Python"
}

@article{mpi4py2,
title = "MPI for Python: Performance improvements and MPI-2 extensions",
journal = "Journal of Parallel and Distributed Computing",
volume = "68",
number = "5",
pages = "655 - 662",
year = "2008",
issn = "0743-7315",
doi = "https://doi.org/10.1016/j.jpdc.2007.09.005",
url = "http://www.sciencedirect.com/science/article/pii/S0743731507001712",
author = "Lisandro Dalcín and Rodrigo Paz and Mario Storti and Jorge D’Elía",
keywords = "Message passing",
keywords = "MPI",
keywords = "High-level languages",
keywords = "Parallel Python"
}

@article{par_python,
title = "Parallel distributed computing using Python",
journal = "Advances in Water Resources",
volume = "34",
number = "9",
pages = "1124 - 1139",
year = "2011",
note = "New Computational Methods and Software Tools",
issn = "0309-1708",
doi = "https://doi.org/10.1016/j.advwatres.2011.04.013",
url = "http://www.sciencedirect.com/science/article/pii/S0309170811000777",
author = "Lisandro D. Dalcin and Rodrigo R. Paz and Pablo A. Kler and Alejandro Cosimo",
keywords = "Python",
keywords = "MPI",
keywords = "PETSc"
}

@article{smith,
    author  = "Ross Smith",
    title   = "Performance of MPI Codes Written in Python with NumPy and mpi4py",
    year    = "2016",
    month   = "November",
    journal = "PyHPC2016"
}


@article{bickel,
    author  = "Matti Bickel, Adrian Knoth and Mladen Berekovic",
    title   = "Evaluation of Interpreted Languages with Open MPIy",
    year    = "2011",
    journal = "EuroMPI 2011"
}

@article{mdanalysis,
    author    = "Michaud-Agrawal, Naveen and Denning, Elizabeth J. and Woolf, Thomas B. and Beckstein, Oliver",
    title     = "MDAnalysis: A toolkit for the analysis of molecular dynamics simulations",
    journal   = "Journal of Computational Chemistry",
    volume    = "32",
    number    = "10",
    publisher = "Wiley Subscription Services, Inc., A Wiley Company",
    year      = "2011"
}

@misc{mpi4py,
    key   = "MPI4Py",
    title = "MPI for Python",
    howpublished   = "https://mpi4py.readthedocs.io/en/stable/"
}

@misc{tau,
    key   = "Tau", 
    title = "Tuning and Analysis Utilities",
    howpublished   = "https://www.cs.uoregon.edu/research/tau/home.php",
    year  = "1997"
}

@inproceedings{remora,
 author = {Rosales, Carlos and G\'{o}mez-Iglesias, Antonio and Predoehl, Andrew},
 title = {Remora: A Resource Monitoring Tool for Everyone},
 booktitle = {Proceedings of the Second International Workshop on HPC User Support Tools},
 series = {HUST '15},
 year = {2015},
 isbn = {978-1-4503-4000-7},
 location = {Austin, Texas},
 pages = {3:1--3:8},
 articleno = {3},
 numpages = {8},
 url = {http://doi.acm.org/10.1145/2834996.2834999},
 doi = {10.1145/2834996.2834999},
 acmid = {2834999},
 publisher = {ACM},
 address = {New York, NY, USA},
} 