@article{karanth1995estimating,
  title={Estimating tiger Panthera tigris populations from camera-trap data using capture—recapture models},
  author={Karanth, K Ullas},
  journal={Biological conservation},
  volume={71},
  number={3},
  pages={333--338},
  year={1995},
  publisher={Elsevier}
}

@article{western2009impact,
	title={The impact of subdivision and sedentarization of pastoral lands on wildlife in an African savanna ecosystem},
	author={Western, David and Groom, Rosemary and Worden, Jeffrey},
	journal={Biological Conservation},
	volume={142},
	number={11},
	pages={2538--2546},
	year={2009},
	publisher={Elsevier}
}

@article{lynch2012detection,
	author="Lynch, Heather J.
	and White, Richard
	and Black, Andrew D.
	and Naveen, Ron",
	title="Detection, differentiation, and abundance estimation of penguin species by high-resolution satellite imagery",
	journal="Polar Biology",
	year="2012",
	month="Jun",
	day="01",
	volume="35",
	number="6",
	pages="963--968",
	issn="1432-2056",
	doi="10.1007/s00300-011-1138-3",
	url="https://doi.org/10.1007/s00300-011-1138-3"
}

@article{kellenberger2018detecting,
	title = "Detecting mammals in UAV images: Best practices to address a substantially imbalanced dataset with deep learning",
	journal = "Remote Sensing of Environment",
	volume = "216",
	pages = "139 - 153",
	year = "2018",
	issn = "0034-4257",
	doi = "https://doi.org/10.1016/j.rse.2018.06.028",
	url = "http://www.sciencedirect.com/science/article/pii/S0034425718303067",
	author = "Benjamin Kellenberger and Diego Marcos and Devis Tuia",
	keywords = "Animal census, Wildlife monitoring, Unmanned Aerial Vehicles, Object detection, Deep learning, Convolutional Neural Networks",
}

@article{polzounov2016right,
	author    = {Andrei Polzounov and
	Ilmira Terpugova and
	Deividas Skiparis and
	Andrei Mihai},
	title     = {Right whale recognition using convolutional neural networks},
	journal   = {CoRR},
	volume    = {abs/1604.05605},
	year      = {2016},
	url       = {http://arxiv.org/abs/1604.05605},
	archivePrefix = {arXiv},
	eprint    = {1604.05605},
	timestamp = {Mon, 13 Aug 2018 16:49:04 +0200},
	biburl    = {https://dblp.org/rec/bib/journals/corr/PolzounovTSM16},
	bibsource = {dblp computer science bibliography, https://dblp.org}
}

@article {norouzzadeh2018automatically,
	author = {Norouzzadeh, Mohammad Sadegh and Nguyen, Anh and Kosmala, Margaret and Swanson, Alexandra and Palmer, Meredith S. and Packer, Craig and Clune, Jeff},
	title = {Automatically identifying, counting, and describing wild animals in camera-trap images with deep learning},
	volume = {115},
	number = {25},
	pages = {E5716--E5725},
	year = {2018},
	doi = {10.1073/pnas.1719367115},
	publisher = {National Academy of Sciences},
	issn = {0027-8424},
	URL = {https://www.pnas.org/content/115/25/E5716},
	eprint = {https://www.pnas.org/content/115/25/E5716.full.pdf},
	journal = {Proceedings of the National Academy of Sciences}
}


@article{fabra2008convention,
	title={The Convention on the Conservation of Antarctic Marine Living Resources (CCAMLR) and the ecosystem approach},
	author={Fabra, Adriana and Gasc{\'o}n, Virginia},
	journal={The International Journal of Marine and Coastal Law},
	volume={23},
	number={3},
	pages={567--598},
	year={2008},
	publisher={Brill Nijhoff}
}

@incollection{hillebrand2018climate,
	title={Climate Change: Warming Impacts on Marine Biodiversity},
	author={Hillebrand, Helmut and Brey, Thomas and Gutt, Julian and Hagen, Wilhelm and Metfies, Katja and Meyer, Bettina and Lewandowska, Aleksandra},
	booktitle={Handbook on Marine Environment Protection},
	pages={353--373},
	year={2018},
	publisher={Springer}
}

@article{reid2019climate,
	title={Climate change impacts, vulnerabilities and adaptations: Southern Ocean marine fisheries},
	author={Reid, Keith},
	journal={Impacts of climate change on fisheries and aquaculture},
	pages={363},
	year={2019}
}


@inproceedings{ronneberger2015u,
	title={U-net: Convolutional networks for biomedical image segmentation},
	author={Ronneberger, Olaf and Fischer, Philipp and Brox, Thomas},
	booktitle={International Conference on Medical image computing and computer-assisted intervention},
	pages={234--241},
	year={2015},
	organization={Springer}
}

@article{kingma2014adam,
	title={Adam: A method for stochastic optimization},
	author={Kingma, Diederik P and Ba, Jimmy},
	journal={arXiv preprint arXiv:1412.6980},
	year={2014}
}

@misc{gillies2013rasterio,
    author =    {Sean Gillies and others},
    organization = {Mapbox},
    title =     {Rasterio: geospatial raster I/O for {Python} programmers},
    year =      {2013--},
    url = "https://github.com/mapbox/rasterio"
}

@article{bradski2000opencv,
    author = {Bradski, G.},
    citeulike-article-id = {2236121},
    journal = {Dr. Dobb's Journal of Software Tools},
    keywords = {bibtex-import},
    posted-at = {2008-01-15 19:21:54},
    priority = {4},
    title = {{The OpenCV Library}},
    year = {2000}
}

@inproceedings{paszke2017automatic,
    title={Automatic differentiation in PyTorch},
    author={Paszke, Adam and Gross, Sam and Chintala, Soumith and Chanan, Gregory and Yang, Edward and DeVito, Zachary and Lin, Zeming and Desmaison, Alban and Antiga, Luca and Lerer, Adam},
    booktitle={NIPS-W},
    year={2017}
}

@article{vo2018mareia,
    author="Vo, Hoang
    and Kong, Jun
    and Teng, Dejun
    and Liang, Yanhui
    and Aji, Ablimit
    and Teodoro, George
    and Wang, Fusheng",
    title="MaReIA: a cloud MapReduce based high performance whole slide image analysis framework",
    journal="Distributed and Parallel Databases",
    year="2018",
    month="Jul",
    day="30",
    issn="1573-7578",
    doi="10.1007/s10619-018-7237-1",
    url="https://doi.org/10.1007/s10619-018-7237-1"
}

@article{zhang2016kira,
    author = {Zhang, Zhao and Barbary, Kyle and Nothaft, Frank A. and Sparks, Evan R. and Zahn, Oliver and Franklin, Michael J. and Patterson, David A. and Perlmutter, Saul},
    doi = {10.1109/TBDATA.2016.2599926},
    file = {:Users/iparask/Downloads/kira.pdf:pdf},
    issn = {2332-7790},
    journal = {IEEE Transactions on Big Data},
    mendeley-groups = {Image},
    pages = {1--1},
    title = {{Kira: Processing Astronomy Imagery Using Big Data Technology}},
    url = {http://ieeexplore.ieee.org/document/7549106/},
    year = {2016}
}

@book{yan2014large,
    author = {Yan, Yuzhong and Huang, Lei},
    isbn = {9781612083384},
    keywords = {Cloud Computing,Hadoop,Image Processing,Map/Reduce},
    mendeley-groups = {Image},
    year = {2014},
    title = {{Large-Scale Image Processing Research Cloud}},
    url = {http://citeseerx.ist.psu.edu/viewdoc/download;jsessionid=E70A37090C2094525DF8F818154EE7D3?doi=10.1.1.684.6787{\&}rep=rep1{\&}type=pdf}
}

@inproceedings{ramos2012bigs,
    author = {Ramos-Pollan, Raul and Gonzalez, Fabio A. and Caicedo, Juan C. and Cruz-Roa, Angel and Camargo, Jorge E. and Vanegas, Jorge A. and Perez, Santiago A. and {David Bermeo}, Jose and Otalora, Juan Sebastian and Rozo, Paola K. and Arevalo, John E.},
    booktitle = {2012 IEEE 8th International Conference on E-Science},
    doi = {10.1109/eScience.2012.6404424},
    isbn = {978-1-4673-4466-1},
    mendeley-groups = {Image},
    month = {oct},
    pages = {1--8},
    publisher = {IEEE},
    title = {{BIGS: A framework for large-scale image processing and analysis over distributed and heterogeneous computing resources}},
    url = {http://ieeexplore.ieee.org/document/6404424/},
    year = {2012}
}

@article{galizia2015mpicuda,
    author = {Galizia, Antonella and D'Agostino, Daniele and Clematis, Andrea},
    doi = {10.1016/J.CAM.2014.05.004},
    issn = {0377-0427},
    journal = {Journal of Computational and Applied Mathematics},
    mendeley-groups = {Image},
    month = {jan},
    pages = {414--427},
    publisher = {North-Holland},
    title = {{An MPI–CUDA library for image processing on HPC architectures}},
    url = {https://www.sciencedirect.com/science/article/pii/S0377042714002374},
    volume = {273},
    year = {2015}
}

@inproceedings{gholami2017framework,
    author = {Gholami, Amir and Mang, Andreas and Scheufele, Klaudius and Davatzikos, Christos and Mehl, Miriam and Biros, George},
    title = {A Framework for Scalable Biophysics-based Image Analysis},
    booktitle = {Proceedings of the International Conference for High Performance Computing, Networking, Storage and Analysis},
    series = {SC '17},
    year = {2017},
    isbn = {978-1-4503-5114-0},
    location = {Denver, Colorado},
    pages = {19:1--19:13},
    articleno = {19},
    numpages = {13},
    url = {http://doi.acm.org/10.1145/3126908.3126930},
    doi = {10.1145/3126908.3126930},
    acmid = {3126930},
    publisher = {ACM},
    address = {New York, NY, USA},
    keywords = {bio-physics based image analysis, scalable image registration},
} 

@article{vescovi2018tomosaic,
    author = {Vescovi, Rafael and Du, Ming and de Andrade, Vincent and Scullin, William and Do\u{g}a, G\"{u}rsoy and Jacobsen, Chris},
    doi = {10.1107/S1600577518010093},
    issn = {0909-0495},
    journal = {Journal of Synchrotron Radiation},
    month = {aug},
    pages = {1478-1489},
    publisher = {International Union of Crystallography},
    title = {{Tomosaic: efficient acquisition and reconstruction of teravoxel tomography data using limited-size synchrotron X-ray beams}},
    volume = {25},
    year = {2018}
}

@inproceedings{petruzza2017isavs,
    author = {Petruzza, Steve and Venkat, Aniketh and Gyulassy, Attila and Scorzelli, Giorgio and Federer, Frederick and Angelucci, Alessandra and Pascucci, Valerio and Bremer, Peer-Timo},
    title = {ISAVS: Interactive Scalable Analysis and Visualization System},
    booktitle = {SIGGRAPH Asia 2017 Symposium on Visualization},
    series = {SA '17},
    year = {2017},
    isbn = {978-1-4503-5411-0},
    location = {Bangkok, Thailand},
    pages = {18:1--18:8},
    articleno = {18},
    numpages = {8},
    url = {http://doi.acm.org/10.1145/3139295.3139299},
    doi = {10.1145/3139295.3139299},
    acmid = {3139299},
    publisher = {ACM},
    address = {New York, NY, USA},
    keywords = {algorithms scalability, interactive visualization and analysis, microscopy, parallel custom analysis workflows},
}

@inproceedings{teodoro2013highthroughput,
    author = {Teodoro, George and Pan, Tony and Kurc, Tahsin M. and Kong, Jun and Cooper, Lee A.D. and Podhorszki, Norbert and Klasky, Scott and Saltz, Joel H.},
    booktitle = {2013 IEEE 27th International Symposium on Parallel and Distributed Processing},
    doi = {10.1109/IPDPS.2013.11},
    isbn = {978-1-4673-6066-1},
    mendeley-groups = {Image},
    month = {may},
    pages = {103--114},
    publisher = {IEEE},
    title = {{High-throughput Analysis of Large Microscopy Image Datasets on CPU-GPU Cluster Platforms}},
    url = {http://ieeexplore.ieee.org/document/6569804/},
    year = {2013}
}
