@misc{scipy,
  author =    {Eric Jones and Travis Oliphant and Pearu Peterson and others},
  title =     {{SciPy}: Open source scientific tools for {Python}},
  year =      {2001--},
  howpublished = {\url{"http://www.scipy.org/"}},
}

@article{numpy,
	Author = {Van Der Walt, Stefan and Colbert, S Chris and Varoquaux, Gael},
	Doi = {10.1109/MCSE.2011.37 },
	Journal = {Computing in Science \& Engineering},
	Keywords = {numpy},
	Number = 2,
	Pages = {22--30},
	Publisher = {AIP Publishing},
	Title = {The NumPy array: a structure for efficient numerical computation},
	Volume = 13,
	Year = 2011}


@inproceedings{merzky2019using,
    author="Merzky, Andre and Turilli, Matteo and Maldonado, Manuel and Santcroos, Mark and Jha, Shantenu",
    title="Using Pilot Systems to Execute Many Task Workloads on Supercomputers",
    booktitle="Job Scheduling Strategies for Parallel Processing",
    year="2019",
    publisher="Springer International Publishing",
    address="Cham",
    pages="61--82",
    isbn="978-3-030-10632-4"
}

@article{turilli2019middleware, 
    author={M. {Turilli} and V. {Balasubramanian} and A. {Merzky} and I. {Paraskevakos} and S. {Jha}}, 
    journal={Computing in Science Engineering}, 
    title={Middleware Building Blocks for Workflow Systems}, 
    year={2019}, 
    volume={21}, 
    number={4}, 
    pages={62-75}, 
    doi={10.1109/MCSE.2019.2920048}, 
    ISSN={}, 
    month={July},}

@inproceedings{luckow2012pstar, 
    author={A. {Luckow} and M. {Santcroos} and A. {Merzky} and O. {Weidner} and P. {Mantha} and S. {Jha}},
    booktitle={2012 IEEE 8th International Conference on E-Science},
    title={P-star: A model of pilot-abstractions},
    year={2012},
    volume={},
    number={},
    pages={1-10},}

@article{turilli2018comprehensive, 
    author = {Turilli, Matteo and Santcroos, Mark and Jha, Shantenu}, 
    title = {A Comprehensive Perspective on Pilot-Job Systems}, 
    year = {2018}, 
    issue_date = {June 2018}, 
    publisher = {Association for Computing Machinery}, 
    address = {New York, NY, USA}, 
    volume = {51}, 
    number = {2}, 
    issn = {0360-0300}, 
    url = {https://doi.org/10.1145/3177851}, 
    doi = {10.1145/3177851}, 
    journal = {ACM Comput. Surv.}, 
    month = apr, 
    articleno = {Article 43}, 
    numpages = {32}, 
    keywords = {distributed systems, Pilot-Jobs, Distributed applications} }

@inproceedings{balasubramanian2018harnessing, 
    author={V. Balasubramanian and M. Turilli and W. Hu and M. Lefebvre and W. Lei and R. Modrak and G. Cervone and J. Tromp and S. Jha}, 
    booktitle={2018 IEEE International Parallel and Distributed Processing Symposium (IPDPS)}, 
    title={Harnessing the Power of Many: Extensible Toolkit for Scalable Ensemble Applications}, 
    year={2018}, 
    volume={}, 
    number={}, 
    pages={536-545}, 
    doi={10.1109/IPDPS.2018.00063}, 
    ISSN={1530-2075}, 
    month={May},}

@inproceedings{luckow2016hadoop, 
    author={A. {Luckow} and I. {Paraskevakos} and G. {Chantzialexiou} and S. {Jha}}, 
    booktitle={2016 IEEE International Parallel and Distributed Processing Symposium Workshops (IPDPSW)}, 
    title={Hadoop on HPC: Integrating Hadoop and Pilot-Based Dynamic Resource Management}, 
    year={2016}, 
    volume={}, 
    number={}, 
    pages={1607-1616},
    doi={10.1109/IPDPSW.2016.166}, 
    ISSN={}, 
    month={May},}


@article{dakka2018high,
    author="Dakka, Jumana and Turilli, Matteo and Wright, David W. and Zasada, Stefan J. and Balasubramanian, Vivek and Wan, Shunzhou and Coveney, Peter V. and Jha, Shantenu",
    title="High-throughput binding affinity calculations at extreme scales",
    journal="BMC Bioinformatics",
    year="2018",
    month="Dec",
    day="21",
    volume="19",
    number="18",
    pages="482",
    issn="1471-2105",
    doi="10.1186/s12859-018-2506-6",
    url="https://doi.org/10.1186/s12859-018-2506-6"
}

@inproceedings{gowers2016mdanalysis,
    author    = { {R}ichard {J}. {G}owers and {M}ax {L}inke and {J}onathan {B}arnoud and {T}yler {J}. {E}. {R}eddy and {M}anuel {N}. {M}elo and {S}ean {L}. {S}eyler and {J}an {D}omański and {D}avid {L}. {D}otson and {S}ébastien {B}uchoux and {I}an {M}. {K}enney and {O}liver {B}eckstein },
    title     = { {M}{D}{A}nalysis: {A} {P}ython {P}ackage for the {R}apid {A}nalysis of {M}olecular {D}ynamics {S}imulations },
    booktitle = { {P}roceedings of the 15th {P}ython in {S}cience {C}onference },
    pages     = { 98 - 105 },
    year      = { 2016 },
    editor    = { {S}ebastian {B}enthall and {S}cott {R}ostrup }
}


@article{michaud2011mdanalysis,
    author = {Naveen Michaud-Agrawal and Elizabeth J. Denning and Thomas B. Woolf and Oliver Beckstein},
    title = {MDAnalysis: A toolkit for the analysis of molecular dynamics simulations},
    journal = {Journal of Computational Chemistry},
    volume = {32},
    number = {10},
    publisher = {Wiley Subscription Services, Inc., A Wiley Company},
    issn = {1096-987X},
    url = {http://dx.doi.org/10.1002/jcc.21787},
    doi = {10.1002/jcc.21787},
    pages = {2319--2327},
    keywords = {molecular dynamics simulations, analysis, proteins, object-oriented design, software, membrane systems, Python programming language},
    year = {2011}
}

@inproceedings{zaharia2010spark,
 author = {Zaharia, Matei and Chowdhury, Mosharaf and Franklin, Michael J. and Shenker, Scott and Stoica, Ion},
 title = {Spark: Cluster Computing with Working Sets},
 booktitle = {Proceedings of the 2Nd USENIX Conference on Hot Topics in Cloud Computing},
 series = {HotCloud'10},
 year = {2010},
 location = {Boston, MA},
 pages = {10--10},
 numpages = {1},
 url = {http://dl.acm.org/citation.cfm?id=1863103.1863113},
 acmid = {1863113},
 publisher = {USENIX Association},
 address = {Berkeley, CA, USA},
}

@inproceedings{ rocklin2015dask,
  author    = { Matthew Rocklin },
  title     = { Dask: Parallel Computation with Blocked algorithms and Task Scheduling },
  booktitle = { Proceedings of the 14th Python in Science Conference },
  pages     = { 130 - 136 },
  year      = { 2015 },
  editor    = { Kathryn Huff and James Bergstra }
}

@InProceedings{dean2004mapreduce,
    address =      "Berkeley, CA, USA",
    author =       "Jeffrey Dean and Sanjay Ghemawat",
    booktitle =    "OSDI'04: Proceedings of the 6th conference on
    Symposium on Opearting Systems Design \&
    Implementation",
    date-added =   "2008-02-23 20:47:01 -0600",
    date-modified = "2008-05-12 23:43:10 +0200",
    location =     "San Francisco, CA",
    pages =        "137--150",
    publisher =    "USENIX Association",
    title =        "{MapReduce: Simplified Data Processing on Large
    Clusters}",
    year =         "2004",
}

@article{roe2013ptraj,
    author = {Daniel R. Roe and Thomas E. Cheatham, III},
    title = {PTRAJ and CPPTRAJ: Software for Processing and Analysis of Molecular Dynamics Trajectory Data},
    journal = {Journal of Chemical Theory and Computation},
    volume = {9},
    number = {7},
    pages = {3084-3095},
    year = {2013},
    doi = {10.1021/ct400341p},
    note ={PMID: 26583988},
    URL = { http://dx.doi.org/10.1021/ct400341p}
}

@inproceedings{fox2014towards,
    author    = {Geoffrey C. Fox and Shantenu Jha and Judy Qiu and Andre Luckow },
    title     = {Towards an Understanding of Facets and Exemplars of Big Data Applications},
    Booktitle   = {Proceedings of Beowulf'14},
    year      = {2014},
    publisher = {ACM},
    DOI = {http://dx.doi.org/10.1145/2737909.2737912},
    address={Annapolis, MD, USA}
}


@inproceedings{kamburugamuve2017anatomy,
    title = {Anatomy of machine learning algorithm implementations in MPI, Spark, and Flink},
    author  = {Supun Kamburugamuve and Pulasthi Wickramasinghe and Saliya Ekanayake† and Geoffrey C. Fox},
    year  = "2017",
    booktitle = "{Technical Report}",
    address = "Indiana University, Bloomington"
}

@inproceedings{dakka2018concurrent,
author={J. {Dakka} and K. {Farkas-Pall} and M. {Turilli} and D. W. {Wright} and P. V. {Coveney} and S. {Jha}},
booktitle={2018 IEEE 14th International Conference on e-Science (e-Science)},
title={Concurrent and Adaptive Extreme Scale Binding Free Energy Calculations},
year={2018},
volume={},
number={},
pages={189-200},
doi={10.1109/eScience.2018.00034},
ISSN={},
month={Oct},}

@misc{atlas,
	title={The ATLAS experiment},
	howpublished = {\url{http://www.atlas.ch}}
}