@misc{atlas,
	title={The ATLAS experiment},
	howpublished = {\url{http://www.atlas.ch}}
}

@inproceedings{dakka2018concurrent,
    author={J. {Dakka} and K. {Farkas-Pall} and M. {Turilli} and D. W. {Wright} and P. V. {Coveney} and S. {Jha}},
    booktitle={2018 IEEE 14th International Conference on e-Science (e-Science)},
    title={Concurrent and Adaptive Extreme Scale Binding Free Energy Calculations},
    year={2018},
    volume={},
    number={},
    pages={189-200},
    doi={10.1109/eScience.2018.00034},
    ISSN={},
    month={Oct},}

@article{goncalves2020sealnet,
    title = "SealNet: A fully-automated pack-ice seal detection pipeline for sub-meter satellite imagery",
    journal = "Remote Sensing of Environment",
    volume = "239",
    pages = "111617",
    year = "2020",
    issn = "0034-4257",
    doi = "https://doi.org/10.1016/j.rse.2019.111617",
    url = "http://www.sciencedirect.com/science/article/pii/S0034425719306376",
    author = "B.C. Gon√ßalves and B. Spitzbart and H.J. Lynch",
  }